<record><leader>00000cas a2200000Ma 4500</leader><controlfield tag="001">701817584</controlfield><controlfield tag="007">hd afa---baca</controlfield><controlfield tag="008">850905d18931900caudr nea     0    0eng  </controlfield><datafield ind1=" " ind2=" " tag="010"><subfield code="a">sn 85042461 </subfield></datafield><datafield ind1=" " ind2=" " tag="040"><subfield code="a">DLC</subfield><subfield code="b">eng</subfield><subfield code="c">YUS</subfield><subfield code="d">OCLCF</subfield><subfield code="d">OCLCO</subfield><subfield code="d">OCLCQ</subfield></datafield><datafield ind1=" " ind2=" " tag="043"><subfield code="a">n-us-ca</subfield></datafield><datafield ind1="0" ind2=" " tag="130"><subfield code="a">Herald (Los Angeles, Calif. : 1893 : Daily)</subfield></datafield><datafield ind1="1" ind2="4" tag="245"><subfield code="a">The herald.</subfield></datafield><datafield ind1=" " ind2=" " tag="260"><subfield code="a">Los Angeles [Calif.] :</subfield><subfield code="b">Ayers &amp; Lynch,</subfield><subfield code="c">1893-1900.</subfield></datafield><datafield ind1=" " ind2=" " tag="300"><subfield code="a">volumes :</subfield><subfield code="b">illustrations</subfield></datafield><datafield ind1=" " ind2=" " tag="310"><subfield code="a">Daily</subfield></datafield><datafield ind1=" " ind2=" " tag="336"><subfield code="a">text</subfield><subfield code="b">txt</subfield><subfield code="2">rdacontent</subfield></datafield><datafield ind1=" " ind2=" " tag="337"><subfield code="a">microform</subfield><subfield code="b">h</subfield><subfield code="2">rdamedia</subfield></datafield><datafield ind1=" " ind2=" " tag="338"><subfield code="a">microfilm reel</subfield><subfield code="b">hd</subfield><subfield code="2">rdacarrier</subfield></datafield><datafield ind1="0" ind2=" " tag="362"><subfield code="a">Vol. 39, no. 97 (Jan. 16, 1893)- ; -27th year, no. 182 (Mar. 31, 1900).</subfield></datafield><datafield ind1=" " ind2=" " tag="515"><subfield code="a">Issues for Jan. 16, 1893-Mar. 19, 1896 called v. 39, no. 97-v. 45, no. 160; issues for Mar. 20, 1896-Mar. 31, 1900 called 25th year, no. 161-27th year, no. 182.</subfield></datafield><datafield ind1=" " ind2=" " tag="515"><subfield code="a">Numbering is irregular.</subfield></datafield><datafield ind1=" " ind2=" " tag="533"><subfield code="a">Microfilm.</subfield><subfield code="b">Berkeley, Calif. :</subfield><subfield code="c">University of California, Bancroft Library,</subfield><subfield code="d">[2008?].</subfield><subfield code="e">1 microfilm reel ; 35 mm.</subfield></datafield><datafield ind1=" " ind2=" " tag="539"><subfield code="a">s</subfield><subfield code="b">2008</subfield><subfield code="d">ca</subfield><subfield code="e">u</subfield></datafield><datafield ind1=" " ind2="0" tag="651"><subfield code="a">Los Angeles (Calif.)</subfield><subfield code="v">Newspapers.</subfield></datafield><datafield ind1=" " ind2="0" tag="651"><subfield code="a">Los Angeles County (Calif.)</subfield><subfield code="v">Newspapers.</subfield></datafield><datafield ind1=" " ind2="7" tag="651"><subfield code="a">California</subfield><subfield code="z">Los Angeles.</subfield><subfield code="2">fast</subfield><subfield code="0">(OCoLC)fst01204540</subfield></datafield><datafield ind1=" " ind2="7" tag="651"><subfield code="a">California</subfield><subfield code="z">Los Angeles County.</subfield><subfield code="2">fast</subfield><subfield code="0">(OCoLC)fst01205194</subfield></datafield><datafield ind1=" " ind2="7" tag="655"><subfield code="a">Newspapers.</subfield><subfield code="2">fast</subfield><subfield code="0">(OCoLC)fst01423814</subfield></datafield><datafield ind1=" " ind2=" " tag="752"><subfield code="a">United States</subfield><subfield code="b">California</subfield><subfield code="c">Los Angeles</subfield><subfield code="d">Los Angeles.</subfield></datafield><datafield ind1="0" ind2=" " tag="775"><subfield code="t">Herald (Los Angeles, Calif. : 1893 : Weekly)</subfield><subfield code="w">(DLC)sn 93052538</subfield><subfield code="w">(OCoLC)28108872</subfield></datafield><datafield ind1="0" ind2=" " tag="775"><subfield code="t">Weekly herald (Los Angeles, Calif. : 1897)</subfield><subfield code="w">(DLC)sn 93052534</subfield><subfield code="w">(OCoLC)28110138</subfield></datafield><datafield ind1="0" ind2="0" tag="780"><subfield code="t">Angeles herald (Los Angeles, Calif. : 1890)</subfield><subfield code="w">(DLC)sn 84025968</subfield><subfield code="w">(OCoLC)10846394</subfield></datafield><datafield ind1="0" ind2="0" tag="785"><subfield code="t">Angeles herald (Los Angeles, Calif. : 1900)</subfield><subfield code="w">(DLC)sn 85042462</subfield><subfield code="w">(OCoLC)12493993</subfield></datafield></record>